\bibliography{CahierdesCharges}
@Misc{cbmn:url,
howpublished = {\url{http://www.cbmn.u-bordeaux.fr}},
author = {Universit√© de Bordeaux},
title = {Chimie et Biologie des Membranes et Nanoobjets - UMR 5248},
}

@Misc{imagej:url,
howpublished = {\url{http://www.rsbweb.nih.gov/ij/}},
author = {National Institute of Health},
title = {National Institute of Health - ImageJ's website},
}

@Misc{java:url,
howpublished = {\url{http://www.oracle.com/technetwork/java/index.html}},
author = {Oracle},
title = {Java - Object-Oriented programming language},
}

@Misc{javascript:url,
howpublished = {\url{http://en.wikipedia.org/wiki/Javascript}},
author = {Wikipedia},
title = {Javascript -  a multi-paradigm language, supporting object-oriented, imperative, and functional programming styles},
}

@Misc{ijprocons:url,
howpublished = {\url{http://www.rsbweb.nih.gov/ij/developer/javascript.html#pros-cons}},
author = {National Institute of Health},
title = {NIH - ImageJ's website - developpers page},
}

@Article{PdetectEHT:article,
title = {Automatic Particle Detection Through Efficient Hough Transforms},
author = {Zhu, Yuanxin and Carragher, Bridget and Mouche, Fabrice and Potter, Clinton S.},
journal = {IEEE Transactions on Medical Imaging},
volume* = {volume 22},
year = {2003},
month = {Sept.}
}

@Misc{HT:url,
howpublished = {\url{http://en.wikipedia.org/wiki/Hough_transform}},
author = {Wikipedia},
title = {Definition and description of Hough transform},
}

@Misc{GHT:url,
howpublished = {\url{http://en.wikipedia.org/wiki/Generalised_Hough_transform}},
author = {Wikipedia},
title = {Definition and description of Generalized Hough transform},
}

@Article{DoGAff:article,
title = {Reference-free particle selection enhanced with semi-supervised machine learning for cryo-electron microscopy},
author = {Langlois, Robert and Pallesen, Jesper and Frank, Joachim},
journal = {Journal of Structural Biology},
volume* = {volume 175},
year = {2011},
month = {Jun.}
}

@Misc{Scripps:url,
howpublished = {\url{http://www.scripps.edu/}},
author = {Scripps Research Institute},
title = {Scripps Research Institute website},
}

@Article{Perceptron:article,
title = {Review : Automatic Particle Detection in Electron Microscopy},
author = {V. Nicholson, William and Glaeser, Robert M.},
journal = {Journal of Structural Biology},
volume* = {volume 133},
year = {2001},
month = {Feb.}
}

@Misc{ijdm3:url,
howpublished = {\url{http://www.rsbweb.nih.gov/ij/plugins/DM3_Reader.html}},
author = {National Institute of Health},
title = {National Institute of Health - ImageJ's website for dm3-reader},
}

@Misc{loci:url,
howpublished = {\url{http://loci.wisc.edu/software/bio-formats}},
author = {LOCI biophotonics research laboratory - University of Wisconsin-Madison},
title = {LOCI 's website for bio-formats},
}

@Misc{GPL:url,
howpublished = {\url{http://www.gnu.org/copyleft/gpl.html}},
author = {Free Software Foundation, Inc.},
title = {The GNU General Public License website},
}